@inproceedings{costsBenefitsAbstract,
  title={The Costs and Benefits of Abstract Interpretation-driven Prolog Optimization},
  author={Thomas W. Getzinger},
  booktitle={SAS},
  year={1994}
}

@Book{ocamlBook,
  author =       "Anil Madhavapeddy, Jason Hickey, and Yaron Minsky",
  title =        "Real World OCaml: Functional Programming for the Masses",
  publisher =    "O'Reilly Media",
}